@techreport{tantau2015tikz,
  title={The TikZ and PGF Packages (Manual for version 3.1.8b)},
  author={Tantau, Till},
  year={2020},
  institution={Institut f{\"u}r Theoretische Informatik Universit{\"a}t zu L{\"u}beck},
  url={http://mirrors.ctan.org/graphics/pgf/base/doc/pgfmanual.pdf}
}

@book{sikudova2014videnie,
    author = {Šikudová Elena; Černeková Zuzana; Benešová Wanda; Haladová Zuzana; Kučerová Júlia},
    title = {Počítačové videnie Detekcia a rozpoznávanie objektov},
    publisher = {Wikina Praha},
    year = {2014},
    url = {http://www.sccg.sk/~sikudova/strukturovana_kniha_CD.pdf},
    isbn = {978-80-87925-06-5}
}

@book{millett2015ddd,
    author = {Scott Millet; Nick Tune},
    title = {Patterns, Principles and Practices of Domain-Driven Design},
    publisher = Wrox,
    year = 2015,
    isbn = {978-1118714706}
}

@misc{HlidacStatu,
    author = {Hlídač státu z.ú.},
    howpublished = {\url{https://hlidacstatu.cz/}},
    note = {Online: 2024-07-11}
}


@misc{WebPomoc,
    author = {Webpomoc s.r.o.},
    howpublished = {\url{https://www.webpomoc.sk/aky-je-rozdiel-medzi-pseudonymizaciou-a-anonymizaciou}},
    note = {Online: 2024-07-11}
}


@misc{ZakonyProLidi2000-101,
    author = {AION CS s.r.o.},
    howpublished = {\url{https://www.zakonyprolidi.cz/cs/2000-101}},
    note = {Online: 2024-07-11}
}

@misc{ZakonyProLidi2005-412,
    author = {AION CS s.r.o.},
    howpublished = {\url{https://www.zakonyprolidi.cz/cs/2005-412}},
    note = {Online: 2024-07-11}
}


@misc{ZakonyProLidi2015-340,
    author = {AION CS s.r.o.},
    howpublished = {\url{https://www.zakonyprolidi.cz/cs/2015-340}},
    note = {Online: 2024-07-11}
}

@misc{lex-europa,
    author = {Úrad pre vydávanie publikácií Európskej únie},
    howpublished = {\url{https://eur-lex.europa.eu/legal-content/en/TXT/?uri=CELEX\%3A32016R0679}},
    note = {Online: 2024-07-11}
}

@misc{soft602,
    author = {Software602 a.s.},
    howpublished = {\url{https://man.602.cz/site/signer/obsluha/anonymizace.html}},
    note = {Online: 2024-07-11}
}


@misc{synthoai,
    author = {Syntho B.V.},
    howpublished = {\url{https://www.syntho.ai/sk/the-best-data-anonymization-tools-next-gen-techniques/}},
    note = {Online: 2024-07-11}
}


@misc{anonymizace-gov,
    author = {Ministerstvo vnitra ČR},
    howpublished = {\url{https://anonymizace.gov.cz/crossroad/}},
    note = {Online: 2024-07-11}
}


@misc{smlouvy-gov,
    author = {Ministerstvo vnitra ČR},
    howpublished = {\url{https://smlouvy.gov.cz}},
    note = {Online: 2024-07-11}
}


@misc{prepressure,
    author = {Laurens Leurs},
    howpublished = {\url{https://prepressure.com/library/paper-size}},
    note = {Online: 2024-07-11}
}

@misc{opencv,
    author = {shimat},
    howpublished = {\url{https://github.com/shimat/opencvsharp}},
    note = {Online: 2024-07-11}
}


@misc{plantcv,
    author = {Malia Gehan; Noah Fahlgren},
    howpublished = {\url{https://plantcv.readthedocs.io/en/stable/nonuniform_illumination/}},
    note = {Online: 2024-07-11}
}


@misc{coverlet,
    author = {Toni Solarin-Sodara},
    howpublished = {\url{https://github.com/coverlet-coverage/coverlet}},
    note = {Online: 2024-07-11}
}

@misc{error-or,
    author = {Amichai Mantinband},
    howpublished = {\url{https://github.com/amantinband/error-or}},
    note = {Online: 2024-07-11}
}

@misc{fluentvalidation,
    author = {Jeremy Skinner},
    howpublished = {\url{https://docs.fluentvalidation.net/en/latest/}},
    note = {Online: 2024-07-11}
}

@misc{magicknet,
    author = {Dirk Lemstra},
    howpublished = {\url{https://github.com/dlemstra/Magick.NET/}},
    note = {Online: 2024-07-11}
}

@misc{mapster,
    author = {Chaowlert Chaisrichalermpol; Eric Swann},
    howpublished = {\url{https://github.com/MapsterMapper/Mapster}},
    note = {Online: 2024-07-11}
}


@misc{mediatr,
    author = {Jimmy Bogard},
    howpublished = {\url{https://github.com/jbogard/MediatR}},
    note = {Online: 2024-07-11}
}


@misc{efcore,
    author = {Microsoft Corporation},
    howpublished = {\url{https://github.com/dotnet/efcore}},
    note = {Online: 2024-07-11}
}


@misc{dependency-injection,
    author = {Microsoft Corporation},
    howpublished = {\url{https://learn.microsoft.com/en-us/dotnet/core/extensions/dependency-injection}},
    note = {Online: 2024-07-11}
}


@misc{aspnetcore,
    author = {Microsoft Corporation},
    howpublished = {\url{https://learn.microsoft.com/en-us/aspnet/core/fundamentals/minimal-apis/overview?view=aspnetcore-8.0}},
    note = {Online: 2024-07-11}
}

@misc{xunit,
    author =  {.NET Foundation},
    howpublished = {\url{https://xunit.net/}},
    note = {Online: 2024-07-11}
}

@misc{danielrusnok,
    author = {Daniel Rusnok},
    howpublished = {\url{https://dev.to/danielrusnok/onion-architecture-or-how-to-not-make-spaghetti-244b}},
    note = {Online: 2024-07-11}
}

@misc{lukassalak,
    author = {Lukáš Salak},
    howpublished = {\url{https://gitlab.mff.cuni.cz/salakl/detection-anonymized-parts-in-pdfs-bachelor-thesis}},
    note = {Online: 2024-07-11}
}

@misc{sqlite,
    author = {SQLite Org.},
    howpublished = {\url{https://www.sqlite.org/index.html}},
    note = {Online: 2024-07-11}
}

@article{otsu,
    author = {Nobuyuki, Otsu},
    title = {A threshold selection method from gray-level histograms},
    journal = {IEEE Transactions on Systems, Man, and Cybernetics},
    year = 1979,
    doi = {10.1109/TSMC.1979.4310076}
}
